
@book{agresti_metodos_2012,
  title = {{M\'etodos Estat\'isticos para as Ci\^encias Sociais}},
  author = {Agresti, Alan and Finlay, Barbara and Viali, Lori},
  year = {2012},
  month = feb,
  edition = {Edi\c{c}\~ao: 4},
  publisher = {{Penso}},
  address = {{Porto Alegre}},
  isbn = {978-85-63899-57-6},
  language = {Portugu\^es}
}

@article{castro_conteudo_2015,
  title = {O Conte\'udo Da Globaliza\c{c}\~ao Para Os Latino-Americanos: Uma An\'alise a Partir Da {{Pesquisa Mundial}} de {{Valores}}\textendash{{WVS}}},
  shorttitle = {O Conte\'udo Da Globaliza\c{c}\~ao Para Os Latino-Americanos},
  author = {de Castro, Henrique C. de O. and Ranincheski, Sonia and Capistrano, Daniel},
  year = {2015},
  file = {/Users/tiagovier/Dropbox/zotfiles/Castro_et_al_2015_O_conteudo_da.pdf;/Users/tiagovier/Zotero/storage/8M8FCJCI/302.html;/Users/tiagovier/Zotero/storage/UPG5HPGI/4968.html}
}

@book{inglehart_modernization_2005,
  title = {Modernization, {{Cultural Change}}, and {{Democracy}}: {{The Human Development Sequence}}},
  shorttitle = {Modernization, {{Cultural Change}}, and {{Democracy}}},
  author = {Inglehart, Ronald and Welzel, Christian},
  year = {2005},
  month = aug,
  publisher = {{Cambridge University Press}},
  address = {{Cambridge, UK ; New York}},
  file = {/Users/tiagovier/Dropbox/zotfiles/Inglehart_Welzel_2005_Modernization,_2.docx;/Users/tiagovier/Dropbox/zotfiles/Inglehart_Welzel_2005_Modernization,.docx},
  isbn = {978-0-521-60971-5},
  language = {English}
}

@misc{R-bookdown,
  title = {Bookdown: {{Authoring}} Books and Technical Documents with r Markdown},
  author = {Xie, Yihui},
  year = {2020}
}

@misc{R-rmarkdown,
  title = {Rmarkdown: {{Dynamic}} Documents for r},
  author = {Allaire, JJ and Xie, Yihui and McPherson, Jonathan and Luraschi, Javier and Ushey, Kevin and Atkins, Aron and Wickham, Hadley and Cheng, Joe and Chang, Winston and Iannone, Richard},
  year = {2020}
}

@misc{R-tidyverse,
  title = {Tidyverse: {{Easily}} Install and Load the 'Tidyverse'},
  author = {Wickham, Hadley},
  year = {2019}
}


